<?xml version="1.0" encoding="UTF-8"?>
<marc:collection xmlns:marc="http://www.loc.gov/MARC21/slim" xmlns:xsi="http://www.w3.org/2001/XMLSchema-instance" xsi:schemaLocation="http://www.loc.gov/MARC21/slim http://www.loc.gov/standards/marcxml/schema/MARC21slim.xsd">
   <marc:record type="Bibliographic">
      <marc:leader>00834cam a22002175  4500</marc:leader>
      <marc:controlfield tag="001">2788184</marc:controlfield>
      <marc:controlfield tag="003">NjP</marc:controlfield>
      <marc:controlfield tag="005">20100810171833.0</marc:controlfield>
      <marc:controlfield tag="008">991121s1964    ir            000 0 ara d</marc:controlfield>
      <marc:datafield tag="024" ind1="7" ind2=" ">
         <marc:subfield code="a">princeton_aco000624</marc:subfield>
         <marc:subfield code="2">local</marc:subfield>
      </marc:datafield>
      <marc:datafield tag="035" ind1=" " ind2=" ">
         <marc:subfield code="a">(OCoLC)ocm42866678</marc:subfield>
      </marc:datafield>
      <marc:datafield tag="035" ind1=" " ind2=" ">
         <marc:subfield code="9">CNJ7221TS</marc:subfield>
      </marc:datafield>
      <marc:datafield tag="040" ind1=" " ind2=" ">
         <marc:subfield code="a">PUL</marc:subfield>
         <marc:subfield code="c">PUL</marc:subfield>
      </marc:datafield>
      <marc:datafield tag="041" ind1="0" ind2=" ">
         <marc:subfield code="a">araper</marc:subfield>
      </marc:datafield>
      <marc:datafield tag="100" ind1="1" ind2=" ">
         <marc:subfield code="a">Rāzī, Abū Bakr Muḥammad ibn Zakarīyā,</marc:subfield>
         <marc:subfield code="d">865?-925?</marc:subfield>
      </marc:datafield>
      <marc:datafield tag="245" ind1="0" ind2="3">
         <marc:subfield code="a">al-Sīrah al-falsafīyah,</marc:subfield>
         <marc:subfield code="c">ba-taṣḥīḥ va muqaddimeh-yi Paul Kraus va tarjameh-yi ʻAbbās Iqbāl, ba-inẓimām-i sharḥ-i aḥvāl va āṣār va afkār az Mahdī Muḥaqqiq.</marc:subfield>
      </marc:datafield>
      <marc:datafield tag="260" ind1=" " ind2=" ">
         <marc:subfield code="a">Tehrān,</marc:subfield>
         <marc:subfield code="b">Unesco,</marc:subfield>
         <marc:subfield code="c">1343 [1964]</marc:subfield>
      </marc:datafield>
      <marc:datafield tag="300" ind1=" " ind2=" ">
         <marc:subfield code="a">125 p.</marc:subfield>
         <marc:subfield code="c">23 cm.</marc:subfield>
      </marc:datafield>
      <marc:datafield tag="546" ind1=" " ind2=" ">
         <marc:subfield code="a">In Arabic and Persian.</marc:subfield>
      </marc:datafield>
      <marc:datafield tag="546" ind1=" " ind2=" ">
         <marc:subfield code="a">Added t.p. and introduction in English.</marc:subfield>
      </marc:datafield>
      <marc:datafield tag="852" ind1="0" ind2=" ">
         <marc:subfield code="b">nec</marc:subfield>
         <marc:subfield code="h">B753</marc:subfield>
         <marc:subfield code="i">.R38 1964</marc:subfield>
         <marc:subfield code="p">3099148</marc:subfield>
         <marc:subfield code="x">reclassed from: 2272.686.384</marc:subfield>
      </marc:datafield>
      <marc:datafield tag="945" ind1=" " ind2=" ">
         <marc:subfield code="a">F</marc:subfield>
         <marc:subfield code="b">1</marc:subfield>
         <marc:subfield code="c">2272.686.384</marc:subfield>
      </marc:datafield>
      <marc:datafield tag="911" ind1=" " ind2=" ">
         <marc:subfield code="a">20000130</marc:subfield>
      </marc:datafield>
   </marc:record>
</marc:collection>
